@misc{aws_iot,
  author = "AWS IoT",
  url = "{https://docs.aws.amazon.com/ja_jp/iot/latest/developerguide/what-is-aws-iot.html}"
}

@misc{sakura_io,
  author = "sakura.io",
  url = "{sakura.io}"
}

@misc{esp32,
  author = "Espressif Systems",
  title = "{ESP32 Series Datasheet}",
  year = 2018,
  url = "{https://www.espressif.com/sites/default/files/documentation/esp32_datasheet_en.pdf}"
}

@techreport{rfc7228,
  author = "C. Bormann and M. Ersue and A. Keranen",
  title = "{Terminology for Constrained-Node Networks}",
  type = "{RFC}",
  number = "7228",
  institution = "{Internet Engineering Task Force}",
  publisher = "{RFC Editor}",
  year = 2014,
  month = "May",
  issn = "{2070-1721}",
  pages = "1-17",
  doi = "{10.17487/RFC7228}",
  howpublished = "{Internet Requests for Comments}",
  url = "{http://www.rfc-editor.org/rfc/rfc7228.txt}"
}

@article{__japanese,
  author = "ほげ山太郎 and ほげ山次郎",
  yomi = "ほげやまたろう",
  title = "ほげほげ理論のHCI分野への応用",
  journal = "ほげほげ学会論文誌",
  volume = "31",
  number = "3",
  pages = "194-201",
  year = "2009",
}

@inproceedings{__english,
  author = "Taro Hogeyama and Jiro Hogeyama",
  title = "The Theory of Hoge",
  booktitle = "The Proceedings of The Hoge Society",
  year = "2008"
}

@misc{__url,
  author = "@kurokobo",
  url = "{http://wiki.kurokobo.com/index.php?LaTeX}"
}

